@article{choi2006personalized,
  title={Personalized recommendation system based on product specification values},
  author={Choi, Sang Hyun and Kang, Sungmin and Jeon, Young Jun},
  journal={Expert Systems with Applications},
  volume={31},
  number={3},
  pages={607--616},
  year={2006},
  publisher={Elsevier}
}
@article{wuest2014approach,
  title={An approach to monitoring quality in manufacturing using supervised machine learning on product state data},
  author={Wuest, Thorsten and Irgens, Christopher and Thoben, Klaus-Dieter},
  journal={Journal of Intelligent Manufacturing},
  volume={25},
  number={5},
  pages={1167--1180},
  year={2014},
  publisher={Springer}
}

@inproceedings{zuo2016prediction,
  title={Prediction of consumer purchasing in a grocery store using machine learning techniques},
  author={Zuo, Yi and Yada, Katsutoshi and Ali, ABM Shawkat},
  booktitle={2016 3rd Asia-Pacific World Congress on Computer Science and Engineering (APWC on CSE)},
  pages={18--25},
  year={2016},
  organization={IEEE}
}
@article{aluri2019using,
  title={Using machine learning to cocreate value through dynamic customer engagement in a brand loyalty program},
  author={Aluri, Ajay and Price, Bradley S and McIntyre, Nancy H},
  journal={Journal of Hospitality \& Tourism Research},
  volume={43},
  number={1},
  pages={78--100},
  year={2019},
  publisher={SAGE Publications Sage CA: Los Angeles, CA}
}
@article{an2019oil,
  title={Oil price predictors: machine learning approach},
  author={An, Jaehyung and Mikhaylov, Alexey and Moiseev, Nikita},
  journal={International Journal of Energy Economics and Policy},
  volume={9},
  number={5},
  pages={1},
  year={2019},
  publisher={Econjournals}
}